\documentclass{article}
\usepackage{natbib} %For the bibliography 
\bibliographystyle{apalike} %For the bibliography

\begin{document}

  @Article{tidyverse,
    title = {Welcome to the {tidyverse}},
    author = {Hadley Wickham and Mara Averick and Jennifer Bryan and Winston Chang and Lucy D'Agostino McGowan and Romain François and Garrett Grolemund and Alex Hayes and Lionel Henry and Jim Hester and Max Kuhn and Thomas Lin Pedersen and Evan Miller and Stephan Milton Bache and Kirill Müller and Jeroen Ooms and David Robinson and Dana Paige Seidel and Vitalie Spinu and Kohske Takahashi and Davis Vaughan and Claus Wilke and Kara Woo and Hiroaki Yutani},
    year = {2019},
    journal = {Journal of Open Source Software},
    volume = {4},
    number = {43},
    pages = {1686},
    doi = {10.21105/joss.01686},
  }
  @Manual{xtable,
    title = {xtable: Export Tables to LaTeX or HTML},
    author = {David B. Dahl and David Scott and Charles Roosen and Arni Magnusson and Jonathan Swinton},
    year = {2019},
    note = {R package version 1.8-4},
    url = {https://CRAN.R-project.org/package=xtable},
  }
  @Book{ggplot2,
    author = {Hadley Wickham},
    title = {ggplot2: Elegant Graphics for Data Analysis},
    publisher = {Springer-Verlag New York},
    year = {2016},
    isbn = {978-3-319-24277-4},
    url = {https://ggplot2.tidyverse.org},
  }
  @Manual{patchwork,
    title = {patchwork: The Composer of Plots},
    author = {Thomas Lin Pedersen},
    year = {2022},
    note = {R package version 1.1.2},
    url = {https://CRAN.R-project.org/package=patchwork},
  }
    @Manual{bestglm,
    title = {bestglm: Best Subset GLM and Regression Utilities},
    author = {A.I. McLeod and Changjiang Xu and Yuanhao Lai},
    year = {2020},
    note = {R package version 0.37.3},
    url = {https://CRAN.R-project.org/package=bestglm},
  }
    @Book{EnvStats-book,
    title = {EnvStats:  An R Package for Environmental Statistics},
    author = {Steven P. Millard},
    year = {2013},
    publisher = {Springer},
    address = {New York},
    isbn = {978-1-4614-8455-4},
    url = {https://www.springer.com},
  }
  @Book{regression,
    title = {An {R} Companion to Applied Regression},
    edition = {Third},
    author = {John Fox and Sanford Weisberg},
    year = {2019},
    publisher = {Sage},
    address = {Thousand Oaks {CA}},
    url = {https://socialsciences.mcmaster.ca/jfox/Books/Companion/},
  }
    @Manual{caret,
    title = {caret: Classification and Regression Training},
    author = {Max Kuhn},
    year = {2022},
    note = {R package version 6.0-93},
    url = {https://CRAN.R-project.org/package=caret},
  }
  @Manual{ggally,
    title = {GGally: Extension to 'ggplot2'},
    author = {Barret Schloerke and Di Cook and Joseph Larmarange and Francois Briatte and Moritz Marbach and Edwin Thoen and Amos Elberg and Jason Crowley},
    year = {2021},
    note = {R package version 2.1.2},
    url = {https://CRAN.R-project.org/package=GGally},
  }
  @Manual{olsrr,
    title = {olsrr: Tools for Building OLS Regression Models},
    author = {Aravind Hebbali},
    year = {2020},
    note = {R package version 0.5.3},
    url = {https://CRAN.R-project.org/package=olsrr},
  }
  @Manual{gridExtra,
    title = {gridExtra: Miscellaneous Functions for "Grid" Graphics},
    author = {Baptiste Auguie},
    year = {2017},
    note = {R package version 2.3},
    url = {https://CRAN.R-project.org/package=gridExtra},
  }
    @Book{bootstrap,
    title = {Bootstrap Methods and Their Applications},
    author = {A. C. Davison and D. V. Hinkley},
    publisher = {Cambridge University Press},
    address = {Cambridge},
    year = {1997},
    note = {ISBN 0-521-57391-2},
    url = {http://statwww.epfl.ch/davison/BMA/},
  }
    @Book{stanford,
    title = {Stanford Medicine Children's Health.},
    publisher = {Stanford Medicine Children's Health - Lucile Packard Children's HospitalStanford},
    url = {https://www.stanfordchildrens.org/en/topic/default?id=low-birthweight-90-P02382},
  }
  
    @Book{washpost,
    author = {Searing, Linda},
    title = {The Big Number: Average U.S. Birth Weight Drops 2.4 Ounces in 23-Year Period},
    publisher = {The Washington Post},
    url = {https://www.washingtonpost.com/health/the-big-number-average-us-birth-weight-drops-24-ounces-in-23-year-period/2020/02/07/154bddce-48f0-11ea-9164-d3154ad8a5cd_story.html},
  }
  
  

\end{document}
